<record xmlns='http://www.loc.gov/MARC21/slim'><leader>02755cta a2200385Ia 4500</leader><controlfield tag='001'>9948545023506421</controlfield><controlfield tag='005'>20200922213852.0</controlfield><controlfield tag='008'>060919s1345    xx            000 0 ara d</controlfield><datafield ind1=' ' ind2=' ' tag='035'><subfield code='a'>(OCoLC)ocm71357256</subfield></datafield><datafield ind1=' ' ind2=' ' tag='035'><subfield code='a'>4854502</subfield></datafield><datafield ind1=' ' ind2=' ' tag='035'><subfield code='a'>(NjP)4854502-princetondb</subfield></datafield><datafield ind1=' ' ind2=' ' tag='040'><subfield code='a'>PUL</subfield><subfield code='c'>PUL</subfield><subfield code='e'>amremm</subfield></datafield><datafield ind1=' ' ind2=' ' tag='043'><subfield code='a'>n-us-nj</subfield></datafield><datafield ind1=' ' ind2=' ' tag='049'><subfield code='a'>PULL</subfield></datafield><datafield ind1='1' ind2=' ' tag='100'><subfield code='6'>880-01</subfield><subfield code='a'>Sharīshī, Muḥammad ibn Aḥmad,</subfield><subfield code='d'>1294?-1368?</subfield><subfield code='0'>http://id.loc.gov/authorities/names/no2007004887</subfield></datafield><datafield ind1='1' ind2='0' tag='245'><subfield code='6'>880-02</subfield><subfield code='a'>Fawāʼid fiqhīyah /</subfield><subfield code='c'>lil-Sharīshī.</subfield></datafield><datafield ind1='1' ind2=' ' tag='246'><subfield code='6'>880-03</subfield><subfield code='i'>Title in Mach, R. Yahuda:</subfield><subfield code='a'>Fawāʼid al-fiqhīyah.</subfield></datafield><datafield ind1=' ' ind2=' ' tag='260'><subfield code='c'>[1345?]</subfield></datafield><datafield ind1=' ' ind2=' ' tag='500'><subfield code='a'>Ms. component part.</subfield></datafield><datafield ind1=' ' ind2=' ' tag='500'><subfield code='a'>Title from table of contents (fol. 2a).</subfield></datafield><datafield ind1='8' ind2=' ' tag='520'><subfield code='a'>Collection of answers by Hibat Allāh ibn al-Bārizī (d. 1338) to questions by ʻAbd al-Raḥīm al-Isnawī (d. 1370) on several legal matters, with additional remarks by Muḥammad ibn Aḥmad ibn Muḥammad al-Sharīshī.</subfield></datafield><datafield ind1=' ' ind2=' ' tag='500'><subfield code='a'>The date of copy of this text is not explicitly mentioned. However another text in the same ms. is said to have been copied on 25 Rabīʻ al-Ākhar 746 (fol. 16a).</subfield></datafield><datafield ind1='4' ind2=' ' tag='510'><subfield code='a'>Mach, R. Yahuda,</subfield><subfield code='c'>1451</subfield></datafield><datafield ind1='1' ind2='0' tag='600'><subfield code='a'>Isnawī, ʻAbd al-Raḥīm ibn al-Ḥasan,</subfield><subfield code='d'>1305-1370.</subfield><subfield code='0'>http://id.loc.gov/authorities/names/n80165632</subfield></datafield><datafield ind1='1' ind2='0' tag='600'><subfield code='a'>Ibn al-Bārizī, Hibat Allāh ibn Najm al-Dīn,</subfield><subfield code='d'>1247-1338.</subfield><subfield code='0'>http://id.loc.gov/authorities/names/n2006202003</subfield></datafield><datafield ind1=' ' ind2='0' tag='650'><subfield code='a'>Islamic law</subfield><subfield code='y'>14th century.</subfield></datafield><datafield ind1=' ' ind2='0' tag='650'><subfield code='a'>Shafiites</subfield><subfield code='y'>14th century.</subfield></datafield><datafield ind1=' ' ind2='0' tag='650'><subfield code='a'>Manuscripts, Arabic</subfield><subfield code='z'>New Jersey</subfield><subfield code='z'>Princeton.</subfield></datafield><datafield ind1='0' ind2=' ' tag='773'><subfield code='7'>nntm</subfield><subfield code='a'>Sharīshī, Muḥammad ibn Aḥmad, d. 1368</subfield><subfield code='t'>Fawāʼid fiqhīyah ... [etc.],</subfield><subfield code='g'>fol. 3b-8b.</subfield><subfield code='w'>9948544963506421</subfield></datafield><datafield ind1='4' ind2='1' tag='856'><subfield code='u'>http://arks.princeton.edu/ark:/88435/2227mp719</subfield></datafield><datafield ind1='1' ind2=' ' tag='880'><subfield code='6'>100-01/r</subfield><subfield code='a'>شريشي، محمد بن احمد</subfield></datafield><datafield ind1='1' ind2='0' tag='880'><subfield code='6'>245-02/r</subfield><subfield code='a'>فوائد فقهية /</subfield><subfield code='c'>للشريشي</subfield></datafield><datafield ind1='1' ind2=' ' tag='880'><subfield code='6'>246-03/r</subfield><subfield code='a'>الفوائد الفقهية</subfield></datafield><datafield ind1=' ' ind2=' ' tag='880'><subfield code='6'>500-00/r</subfield><subfield code='a'>Incipit: قال سيدنا وشيخنا القاضى جمال الدين محمد بن الشريشى يقول محمد بن احمد بن محمد الشريشى الشافعى ... وقفت على سوالات فى الفقه دلت على غزارة علم سايلها ... منسوبة الى الشيخ ... جمال الدين الاسنآيي ... ووقفت ايضا على اجوبة تلك المسآيل لسيدنا ... البارزي ... ووجدت الاجوبة كالاسولة كل منهما كشف</subfield></datafield><datafield ind1=' ' ind2=' ' tag='880'><subfield code='6'>500-00/r</subfield><subfield code='a'>Explicit: وهذا هو الحق وهو اختيار الشيخ سيف الدين(؟) من المتاخرين وذهب اليه جماعة من(؟) المتقدمين ولعل هذا الاحتمال يقدح في ذلك الاستدلال والله اعلم</subfield></datafield><datafield ind1=' ' ind2=' ' tag='902'><subfield code='a'>ceb</subfield><subfield code='b'>o</subfield><subfield code='6'>t</subfield><subfield code='7'>a</subfield><subfield code='d'>v</subfield><subfield code='f'>0</subfield><subfield code='e'>20060919</subfield></datafield><datafield ind1=' ' ind2=' ' tag='INT'><subfield code='a'>P</subfield></datafield><datafield ind1=' ' ind2=' ' tag='INST'><subfield code='a'>01PRI_INST</subfield></datafield><datafield ind1=' ' ind2=' ' tag='AVA'><subfield code='0'>9948544963506421</subfield><subfield code='8'>22102608820006421</subfield><subfield code='a'>01PRI_INST</subfield><subfield code='b'>rare</subfield><subfield code='c'>Manuscripts</subfield><subfield code='d'>Islamic Manuscripts, Garrett no. 1359Y</subfield><subfield code='e'>available</subfield><subfield code='f'>1</subfield><subfield code='g'>0</subfield><subfield code='j'>hsvm</subfield><subfield code='k'>8</subfield><subfield code='p'>1</subfield><subfield code='q'>Special Collections</subfield></datafield><datafield ind1=' ' ind2=' ' tag='AVA'><subfield code='0'>9948545023506421</subfield><subfield code='8'>22102635400006421</subfield><subfield code='a'>01PRI_INST</subfield><subfield code='b'>rare</subfield><subfield code='c'>Manuscripts</subfield><subfield code='d'>Islamic Manuscripts, Garrett no. 1359Y</subfield><subfield code='e'>check_holdings</subfield><subfield code='j'>hsvm</subfield><subfield code='k'>8</subfield><subfield code='p'>2</subfield><subfield code='q'>Special Collections</subfield></datafield><datafield ind1=' ' ind2=' ' tag='AVE'><subfield code='8'>53297752150006421</subfield><subfield code='e'>Available</subfield><subfield code='l'>online</subfield><subfield code='u'>publishing_base_url undefined?u.ignore_date_coverage=true&amp;rft.mms_id=9948545023506421</subfield></datafield></record>